%bibloigraphy for SACS 
@inproceedings{eberhart1995new,
  title={A new optimizer using particle swarm theory},
  author={Eberhart, Russell and Kennedy, James},
  booktitle={MHS'95. Proceedings of the Sixth International Symposium on Micro Machine and Human Science},
  pages={39--43},
  year={1995},
  organization={Ieee}
}
@inproceedings{yang2009cuckoo,
  title={Cuckoo search via L{\'e}vy flights},
  author={Yang, Xin-She and Deb, Suash},
  booktitle={Nature \& Biologically Inspired Computing, 2009. NaBIC 2009. World Congress on},
  pages={210--214},
  year={2009},
  organization={IEEE}
}
@article{salgotra2018new,
  title={New cuckoo search algorithms with enhanced exploration and exploitation properties},
  author={Salgotra, Rohit and Singh, Urvinder and Saha, Sriparna},
  journal={Expert Systems with Applications},
  volume={95},
  pages={384--420},
  year={2018},
  publisher={Elsevier}
}
@inproceedings{salgotra2018improved,
  title={Improved Cuckoo Search with Better Search Capabilities for Solving CEC2017 Benchmark Problems},
  author={Salgotra, Rohit and Singh, Urvinder and Saha, Sriparna},
  booktitle={2018 IEEE Congress on Evolutionary Computation (CEC)},
  pages={1--7},
  year={2018},
  organization={IEEE}
}
@article{salgotranaked,
  title={The naked mole-rat algorithm},
  author={Salgotra, Rohit and Singh, Urvinder},
  journal={Neural Computing and Applications},
  pages={1--21},
  publisher={Springer}
}
@article{das2010differential,
  title={Differential evolution: A survey of the state-of-the-art},
  author={Das, Swagatam and Suganthan, Ponnuthurai Nagaratnam},
  journal={IEEE transactions on evolutionary computation},
  volume={15},
  number={1},
  pages={4--31},
  year={2010},
  publisher={IEEE}
}